@article{McGeer01041990,
  author = {McGeer, Tad}, 
  title = {\href{http://ijr.sagepub.com/content/9/2/62.abstract}{Passive Dynamic Walking}}, 
  volume = {9}, 
  number = {2}, 
  pages = {62-82}, 
  year = {1990}, 
  doi = {10.1177/027836499000900206}, 
  URL = {http://ijr.sagepub.com/content/9/2/62.abstract}, 
  eprint = {http://ijr.sagepub.com/content/9/2/62.full.pdf+html}, 
  journal = {The International Journal of Robotics Research}
}

@article{kalman1960new,
  title={A new approach to linear filtering and prediction problems},
  author={Kalman, R.E.},
  journal={Journal of Basic Engineering},
  volume={82},
  number={1},
  pages={35--45},
  year={1960},
  publisher={Citeseer}
}

@Inproceedings{kanezaki2010icra,
  author   = " A. Kanezaki and H. Nakayama and T. Harada and Y. Kuniyoshi ",
  title    = "High-speed 3{D} Object Recognition Using Additive Features in A Linear Subspace",
  booktitle  = " Proc. {IEEE} ICRA",
  volume   = "",
  year     = "2010",
  month    = "",
  abstract = ""
}
@article{kanezaki2010tvc,
  author   = "A. Kanezaki and T. Harada and Y. Kuniyoshi",
  title    = "Partial matching of real textured 3{D} objects using color cubic higher-order local auto-correlation features",
  journal  = "The Visual Computer",
  volume   = "26",
  number   = "10",
  pages    = "1269--1281",
  year     = "2010",
  month    = "",
  address  = "",
  abstract = ""
}

@InProceedings{Marton10IROS,
  author    = {Zoltan-Csaba Marton and Dejan Pangercic and Nico Blodow and Jonathan Kleinehellefort and Michael Beetz},
  title     = {{General 3D Modelling of Novel Objects from a Single View}},
  booktitle = {2010 IEEE/RSJ International Conference on Intelligent Robots and Systems (IROS)},
  month     = {October 18-22},
  year      = {2010},
  address   = {Taipei, Taiwan},
  bib2html_pubtype = {Conference Paper},
  bib2html_rescat  = {Perception, Models},
  bib2html_groups  = {Cop, EnvMod},
  bib2html_funding = {CoTeSys},
  bib2html_domain  = {Assistive Household}
}

@InProceedings{Rusu09ICCV-WS,
  author    = {Radu Bogdan Rusu and Andreas Holzbach and Gary Bradski and Michael Beetz},
  title     = {Detecting and Segmenting Objects for Mobile Manipulation},
  booktitle = {Proceedings of IEEE Workshop on Search in 3D and Video (S3DV), held in conjunction with the 12th IEEE International Conference on Computer Vision (ICCV)},
  month     = {September 27},
  year      = {2009},
  address   = {Kyoto, Japan},
  bib2html_pubtype = {Workshop Paper},
  bib2html_rescat  = {Perception, Models},
  bib2html_groups  = {Cop, EnvMod},
  bib2html_funding = {CoTeSys},
  bib2html_domain  = {Assistive Household},
}